<?xml version="1.0" encoding="UTF-8"?><record xmlns="http://www.loc.gov/MARC21/slim" xmlns:cinclude="http://apache.org/cocoon/include/1.0" xmlns:zs="http://www.loc.gov/zing/srw/">
  <leader>00543nz  a2200133n  4500</leader>
  <controlfield tag="001">n  00121716 </controlfield>
  <controlfield tag="003">DLC</controlfield>
  <controlfield tag="005">20000614080440.0</controlfield>
  <controlfield tag="008">000613n| acannaabn          |n aaa      </controlfield>
  <datafield tag="010" ind1=" " ind2=" ">
    <subfield code="a">n  00121716 </subfield>
  </datafield>
  <datafield tag="035" ind1=" " ind2=" ">
    <subfield code="a">(DNLM)1121176</subfield>
  </datafield>
  <datafield tag="040" ind1=" " ind2=" ">
    <subfield code="a">DNLM</subfield>
    <subfield code="b">eng</subfield>
    <subfield code="c">DNLM</subfield>
  </datafield>
  <datafield tag="100" ind1="1" ind2=" ">
    <subfield code="a">Laszig, Roland</subfield>
  </datafield>
  <datafield tag="670" ind1=" " ind2=" ">
    <subfield code="a">Restitutional surgery of the ear and temporal bone, 2000:</subfield>
    <subfield code="b">CIP t.p. (Roland Laszig) t.p. verso (Roland Laszig, M.D.; Professor, Universitätsklinikum Freiburg, Universitätsklinik für Hals-, Nasen- und Ohrenheilkunde und Poliklinik, Freiburg, Germany)</subfield>
  </datafield>
</record>